@article{charbiwala2011,
  title={Compressive Sensing of Neural Action Potentials Using a Learned Union of Supports},
  author={Charbiwala, Zainul and Karkare, Vaibhav and Gibson, Sarah and Markovi\'c, Dejan and Srivastava, Mani},
  journal={2011 IEEE International Conference on Body Sensor Networks},
  year={2011}
}

@article{hochberg2012,
  title={Reach and grasp by people with tetraplegia using a neurally controlled robotic arm},
  author={Hochberg, Leigh and Bacher, Daniel and Jarosiewicz, Beata and Masse, Nicolas and Simeral, John and Vogel, Joern and Haddadin, Sami and Liu, Jie and Cash, Sydney and van der Smagt, Patrick and Donoghue, John},
  journal={Nature},
  volume={485},
  pages={372--375},
  year={2012}
}

@article{kirolos2006,
  title={Analog-to-Information Conversion via Random Demodulation},
  author={Kirolos, Sami and Laska, Jason and Wakin, Michael and Duarte, Marco and Baron, Dror and Ragheb, Tamer and Massoud, Yehia and Baraniuk, Richard},
  journal={2006 IEEE Dallas/CAS Workshop on Design, Applications, Integration and Software},
  year={2006}
}

@article{nicolelis2001,
  title={Actions from thoughts},
  author={Nicolelis, Miguel},
  journal={Nature},
  volume={409},
  pages={403--407},
  year={2001}
}

@article{quiroga2004,
  title={Unsupervised Spike Detection and Sorting with Wavelets and Superparamagnetic Clustering},
  author={Quiroga, R. and Nadasdy, Z. and Ben-Shaul, Y.},
  journal={Neural Computation},
  volume={16},
  pages={1661--1687},
  year={2004}
}

@article{slavinsky2011,
  title={The compressive multiplexer for multi-channel compressive sensing},
  author={Slavinsky, J.P. and Laska, Jason and Davenport, Mark and Baraniuk, Richard},
  journal={2011 IEEE International Conference on Acoustics, Speech and Signal Processing},
  year={2011}
}